@article{becknell_spencer_2015, title={Antimicrobial Peptides: Maintaining Sterility of the Urinary Tract}, DOI={10.1007/978-3-319-24199-9_4}, journal={Antimicrobial Peptides}, author={Becknell, Brian and Spencer, John David}, year={2015}, pages={53–65}}
@misc{boman_2003, title={Antibacterial peptides: basic facts and emerging concepts}, url={https://onlinelibrary.wiley.com/doi/full/10.1046/j.1365-2796.2003.01228.x}, journal={Wiley Online Library}, publisher={John Wiley & Sons, Ltd}, author={Boman, H. G.}, year={2003}, month={Aug}}
@article{duchrow_shtatland_guettler_pivovarov_kramer_weissleder_2009, title={Enhancing navigation in biomedical databases by community voting and database-driven text classification}, volume={10}, DOI={10.1186/1471-2105-10-317}, number={1}, journal={BMC Bioinformatics}, author={Duchrow, Timo and Shtatland, Timur and Guettler, Daniel and Pivovarov, Misha and Kramer, Stefan and Weissleder, Ralph}, year={2009}, pages={317}}
@article{dwyer_dwyer_2012, title={Lactobacillus probiotics may prevent recurrent UTIs in postmenopausal women}, volume={18}, DOI={10.1136/eb-2012-100961}, number={4}, journal={Evidence Based Medicine}, author={Dwyer, Jeremy P and Dwyer, Peter L}, year={2012}, month={Feb}, pages={141–142}}
@misc{izadpanah, title={Antimicrobial peptides}, url={doi:10.1016/j.jaad.2004.08.026}, publisher={Journal of the American Academy of Dermatology}, author={Izadpanah, Arash}}
@article{müller_gabernet_hiss_schneider_2017, title={modlAMP: Python for antimicrobial peptides}, volume={33}, DOI={10.1093/bioinformatics/btx285}, number={17}, journal={Bioinformatics}, author={Müller, Alex T and Gabernet, Gisela and Hiss, Jan A and Schneider, Gisbert}, year={2017}, month={Apr}, pages={2753–2755}}
@article{seemann_2014, title={Prokka: rapid prokaryotic genome annotation}, volume={30}, DOI={10.1093/bioinformatics/btu153}, number={14}, journal={Bioinformatics}, author={Seemann, T.}, year={2014}, pages={2068–2069}}
@article{vishnepolsky_pirtskhalava_2014, title={Prediction of Linear Cationic Antimicrobial Peptides Based on Characteristics Responsible for Their Interaction with the Membranes}, volume={54}, DOI={10.1021/ci4007003}, number={5}, journal={Journal of Chemical Information and Modeling}, author={Vishnepolsky, Boris and Pirtskhalava, Malak}, year={2014}, pages={1512–1523}}
@article{vishnepolsky_pirtskhalava_2014, title={Prediction of Linear Cationic Antimicrobial Peptides Based on Characteristics Responsible for Their Interaction with the Membranes}, volume={54}, DOI={10.1021/ci4007003}, number={5}, journal={Journal of Chemical Information and Modeling}, author={Vishnepolsky, Boris and Pirtskhalava, Malak}, year={2014}, pages={1512–1523}}
@article{wang_2004, title={APD: the Antimicrobial Peptide Database}, volume={32}, DOI={10.1093/nar/gkh025}, number={90001}, journal={Nucleic Acids Research}, author={Wang, Z.}, year={2004}, month={Jan}}
@article{zhou_silverstein_gao_walton_nallu_guhlin_young_2013, title={Detecting small plant peptides using SPADA (Small Peptide Alignment Discovery Application)}, volume={14}, DOI={10.1186/1471-2105-14-335}, number={1}, journal={BMC Bioinformatics}, author={Zhou, Peng and Silverstein, Kevin At and Gao, Liangliang and Walton, Jonathan D and Nallu, Sumitha and Guhlin, Joseph and Young, Nevin D}, year={2013}, pages={335}}
@article{10.1093/bioinformatics/btl158,
	author = {Li, Weizhong and Godzik, Adam},
	title = "{Cd-hit: a fast program for clustering and comparing large sets of protein or nucleotide sequences}",
	journal = {Bioinformatics},
	volume = {22},
	number = {13},
	pages = {1658-1659},
	year = {2006},
	month = {05},
	abstract = "{Motivation: In 2001 and 2002, we published two papers (Bioinformatics, 17, 282–283, Bioinformatics, 18, 77–82) describing an ultrafast protein sequence clustering program called cd-hit. This program can efficiently cluster a huge protein database with millions of sequences. However, the applications of the underlying algorithm are not limited to only protein sequences clustering, here we present several new programs using the same algorithm including cd-hit-2d, cd-hit-est and cd-hit-est-2d. Cd-hit-2d compares two protein datasets and reports similar matches between them; cd-hit-est clusters a DNA/RNA sequence database and cd-hit-est-2d compares two nucleotide datasets. All these programs can handle huge datasets with millions of sequences and can be hundreds of times faster than methods based on the popular sequence comparison and database search tools, such as BLAST.Availability:Contact:liwz@sdsc.edu}",
	issn = {1367-4803},
	doi = {10.1093/bioinformatics/btl158},
	url = {https://doi.org/10.1093/bioinformatics/btl158},
	eprint = {https://academic.oup.com/bioinformatics/article-pdf/22/13/1658/484588/btl158.pdf},
}